@url {datasheetcable,
    author = "Helmut Singer Elektronik",
    title  = "Sucofles 104",
    url    = "http://www.helmut-singer.de/pdf/sucoflex104pb.pdf"
}

@book{manual,
	title = "EE3P11 - EM Practicum, 2015-2016 Q3",
	year = "2016",
	publisher = "TU Delft"
}
