

@url {datasheetcable,
    author = "Helmut Singer Elektronik",
    title  = "Sucofles 104",
    url    = "http://www.helmut-singer.de/pdf/sucoflex104pb.pdf"
}

